@book {MR2345192,
    AUTHOR = {T. Bober,J. Zawadzki},
     TITLE = {The Biomechanics of the Human Movement System (Biomechanika uk\l{}adu ruchu cz\l{}owieka)},
      NOTE = {},
 PUBLISHER = {Wydawnictwo BK},
      YEAR = {2001},
     PAGES = {},
      ISBN = {},
   MRCLASS = {},
  MRNUMBER = {},
MRREVIEWER = {},
}

@book {BHW2011,
    AUTHOR = {K. Burg,H. Haf,F. Wille,A. Meister},
     TITLE = {Vektoranalysis},
      NOTE = {},
 PUBLISHER = {Springer Vieweg},
      YEAR = {2012},
     PAGES = {},
      ISBN = {},
   MRCLASS = {},
  MRNUMBER = {},
MRREVIEWER = {},
}

