@incollection {MR2528730,
    AUTHOR = {Aletti, Giacomo and Causin, Paola and Naldi, Giovanni and
              Semplice, Matteo},
     TITLE = {Little {T}om {T}humb among cells: seeking the cues of life},
 BOOKTITLE = {M{ATHKNOW}---mathematics, applied sciences and real life},
    SERIES = {MS\&A. Model. Simul. Appl.},
    VOLUME = {3},
     PAGES = {201--213},
 PUBLISHER = {Springer Italia, Milan},
      YEAR = {2009},
   MRCLASS = {92C17},
  MRNUMBER = {2528730},
       DOI = {10.1007/978-88-470-1122-9_15},
       URL = {http://dx.doi.org/10.1007/978-88-470-1122-9_15},
}
		
@article {MR2545345,
    AUTHOR = {Causin, Paola and Facchetti, Giuseppe},
     TITLE = {Autocatalytic loop, amplification and diffusion: a
              mathematical and computational model of cell polarization in
              neural chemotaxis},
   JOURNAL = {PLoS Comput. Biol.},
  FJOURNAL = {PLoS Computational Biology},
    VOLUME = {5},
      YEAR = {2009},
    NUMBER = {8},
     PAGES = {e1000479, 16},
      ISSN = {1553-734X},
   MRCLASS = {92C17 (35Q92 92D25)},
  MRNUMBER = {2545345 (2010i:92016)},
       DOI = {10.1371/journal.pcbi.1000479},
       URL = {http://dx.doi.org/10.1371/journal.pcbi.1000479},
}
		
@article {MR2498866,
    AUTHOR = {Causin, Paola and Sacco, Riccardo},
     TITLE = {Hierarchical mixed hybridized methods for elliptic problems},
   JOURNAL = {Comput. Methods Appl. Mech. Engrg.},
  FJOURNAL = {Computer Methods in Applied Mechanics and Engineering},
    VOLUME = {198},
      YEAR = {2009},
    NUMBER = {9-12},
     PAGES = {1061--1073},
      ISSN = {0045-7825},
     CODEN = {CMMECC},
   MRCLASS = {65N30 (35J25)},
  MRNUMBER = {2498866 (2010b:65250)},
MRREVIEWER = {Marius Ghergu},
       DOI = {10.1016/j.cma.2008.11.017},
       URL = {http://dx.doi.org/10.1016/j.cma.2008.11.017},
}
		
@book {MR2345192,
    AUTHOR = {Quarteroni, Alfio and Sacco, Riccardo and Saleri, Fausto},
     TITLE = {M\'ethodes num\'eriques},
      NOTE = {Algorithmes, analyse et applications. [Algorithms, analysis
              and applications],
              Translated from the 1998 Italian original by
              Jean-Fr{\'e}d{\'e}ric Gerbeau},
 PUBLISHER = {Springer-Verlag Italia, Milan},
      YEAR = {2007},
     PAGES = {xvi+537},
      ISBN = {978-88-470-0495-5},
   MRCLASS = {65-01},
  MRNUMBER = {2345192 (2008f:65001)},
MRREVIEWER = {R{\'e}mi Vaillancourt},
}
		
@book {MR2265914,
    AUTHOR = {Quarteroni, Alfio and Sacco, Riccardo and Saleri, Fausto},
     TITLE = {Numerical mathematics},
    SERIES = {Texts in Applied Mathematics},
    VOLUME = {37},
   EDITION = {Second},
 PUBLISHER = {Springer-Verlag},
   ADDRESS = {Berlin},
      YEAR = {2007},
     PAGES = {xviii+655},
      ISBN = {978-3-540-34658-6; 3-540-34658-9},
   MRCLASS = {65-01},
  MRNUMBER = {2265914 (2007f:65001)},
}

@article {MR2451692,
    AUTHOR = {Aquilano, Dino and Capasso, Vincenzo and Micheletti,
              Alessandra and Patti, Stefano and Pizzocchero, Livio and
              Rubbo, Marco},
     TITLE = {A birth and growth model for kinetic-driven crystallization
              processes. {I}. {M}odeling},
   JOURNAL = {Nonlinear Anal. Real World Appl.},
  FJOURNAL = {Nonlinear Analysis. Real World Applications. An International
              Multidisciplinary Journal},
    VOLUME = {10},
      YEAR = {2009},
    NUMBER = {1},
     PAGES = {71--92},
      ISSN = {1468-1218},
   MRCLASS = {80A30 (82D25 92C15)},
  MRNUMBER = {2451692 (2009g:80020)},
MRREVIEWER = {John David Towers},
       DOI = {10.1016/j.nonrwa.2007.08.015},
       URL = {http://dx.doi.org/10.1016/j.nonrwa.2007.08.015},
}
		
@incollection {MR2454196,
    AUTHOR = {Micheletti, Alessandra and Landini, Gabriel},
     TITLE = {Size functions applied to the statistical shape analysis and
              classification of tumor cells},
 BOOKTITLE = {Progress in industrial mathematics at {ECMI} 2006},
    SERIES = {Math. Ind.},
    VOLUME = {12},
     PAGES = {538--542},
 PUBLISHER = {Springer},
   ADDRESS = {Berlin},
      YEAR = {2008},
   MRCLASS = {92C50},
  MRNUMBER = {2454196},
       DOI = {10.1007/978-3-540-71992-2_86},
       URL = {http://dx.doi.org/10.1007/978-3-540-71992-2_86},
}
		
@article {MR2070966,
    AUTHOR = {Burger, Martin and Capasso, Vincenzo and Micheletti,
              Alessandra},
     TITLE = {Optimal control of polymer morphologies},
   JOURNAL = {J. Engrg. Math.},
  FJOURNAL = {Journal of Engineering Mathematics},
    VOLUME = {49},
      YEAR = {2004},
    NUMBER = {4},
     PAGES = {339--358},
      ISSN = {0022-0833},
     CODEN = {JLEMAU},
   MRCLASS = {74N05 (49J20 74M05 80M50)},
  MRNUMBER = {2070966 (2005m:74076)},
MRREVIEWER = {Jacek Polewczak},
       DOI = {10.1023/B:ENGI.0000032692.56508.a7},
       URL = {http://dx.doi.org/10.1023/B:ENGI.0000032692.56508.a7},
}
		
@incollection {MR1975516,
    AUTHOR = {Capasso, Vincenzo and Micheletti, Alessandra},
     TITLE = {Stochastic geometry of spatially structured birth and growth
              processes. {A}pplication to crystallization processes},
 BOOKTITLE = {Topics in spatial stochastic processes ({M}artina {F}ranca,
              2001)},
    SERIES = {Lecture Notes in Math.},
    VOLUME = {1802},
     PAGES = {1--39},
 PUBLISHER = {Springer},
   ADDRESS = {Berlin},
      YEAR = {2003},
   MRCLASS = {60D05 (60G55 60G57)},
  MRNUMBER = {1975516 (2004d:60021)},
MRREVIEWER = {V. K. Oganyan},
}
		